fiscalDateEnding,totalRevenue,netIncome,ticker
2024-09-30,5312000000.0,397000000,MELI
2024-06-30,5073000000.0,531000000,MELI
2024-03-31,4333000000.0,344000000,MELI
2023-12-31,4409000000.0,165000000,MELI
2023-09-30,3927000000.0,359000000,MELI
2023-06-30,3585000000.0,262000000,MELI
2023-03-31,3186000000.0,201000000,MELI
2022-12-31,3002000000.0,165000000,MELI
2022-09-30,2690000000.0,129000000,MELI
2022-06-30,2234000000.0,123000000,MELI
2022-03-31,2243000000.0,65000000,MELI
2021-12-31,2130766000.0,-46000000,MELI
2021-09-30,1832093000.0,95000000,MELI
2021-06-30,1690846000.0,68000000,MELI
2021-03-31,1362515000.0,-34000000,MELI
2020-12-31,1327304000.0,-51000000,MELI
2020-09-30,1085266000.0,15000000,MELI
2020-06-30,876466000.0,56000000,MELI
2020-03-31,651397000.0,-21000000,MELI
2019-12-31,674271000.0,-53998000,MELI
2024-09-30,5215000000.0,564000000,FI
2024-06-30,5107000000.0,894000000,FI
2024-03-31,4883000000.0,735000000,FI
2023-12-31,4917000000.0,870000000,FI
2023-09-30,4873000000.0,952000000,FI
2023-06-30,4756000000.0,683000000,FI
2023-03-31,4547000000.0,563000000,FI
2022-12-31,4631000000.0,782000000,FI
2022-09-30,4518000000.0,481000000,FI
2022-06-30,4450000000.0,598000000,FI
2022-03-31,4138000000.0,669000000,FI
2021-12-31,4780000000.0,333000000,FI
2021-09-30,3991000000.0,428000000,FI
2021-06-30,3876000000.0,269000000,FI
2021-03-31,3650000000.0,304000000,FI
2020-12-31,3834000000.0,300000000,FI
2020-09-30,3669000000.0,264000000,FI
2020-06-30,3312000000.0,2000000,FI
2020-03-31,4037000000.0,392000000,FI
2019-12-31,4050000000.0,247000000,FI
2024-09-30,2797000000.0,432000000,NOW
2024-06-30,2627000000.0,262000000,NOW
2024-03-31,2603000000.0,347000000,NOW
2023-12-31,2437000000.0,295000000,NOW
2023-09-30,2288000000.0,242000000,NOW
2023-06-30,2150000000.0,1044000000,NOW
2023-03-31,2096000000.0,150000000,NOW
2022-12-31,1940000000.0,150000000,NOW
2022-09-30,1831000000.0,80000000,NOW
2022-06-30,1752000000.0,20000000,NOW
2022-03-31,1722000000.0,75000000,NOW
2021-12-31,1614000000.0,26000000,NOW
2021-09-30,1512000000.0,63000000,NOW
2021-06-30,1409000000.0,59000000,NOW
2021-03-31,1360000000.0,82000000,NOW
2020-12-31,1250000000.0,17145000,NOW
2020-09-30,1152000000.0,12858000,NOW
2020-06-30,1071000000.0,41000000,NOW
2020-03-31,1046000000.0,48000000,NOW
2019-12-31,951337000.0,599026000,NOW
2024-09-30,6819000000.0,771000000,AMD
2024-06-30,5835000000.0,265000000,AMD
2024-03-31,5473000000.0,123000000,AMD
2023-12-31,6452000000.0,667000000,AMD
2023-09-30,5774000000.0,299000000,AMD
2023-06-30,5331000000.0,27000000,AMD
2023-03-31,5353000000.0,-139000000,AMD
2022-12-31,5732000000.0,21000000,AMD
2022-09-30,5534000000.0,66000000,AMD
2022-06-30,6525000000.0,447000000,AMD
2022-03-31,5859000000.0,786000000,AMD
2021-12-31,4845000000.0,974000000,AMD
2021-09-30,4306000000.0,923000000,AMD
2021-06-30,3840000000.0,710000000,AMD
2021-03-31,3422000000.0,555000000,AMD
2020-12-31,3235000000.0,1781000000,AMD
2020-09-30,2790000000.0,390000000,AMD
2020-06-30,1918000000.0,157000000,AMD
2020-03-31,1755000000.0,162000000,AMD
2019-12-31,2109000000.0,170000000,AMD
2024-09-30,63694000000.0,739000000,CI
2024-06-30,60523000000.0,1548000000,CI
2024-03-31,57255000000.0,-277000000,CI
2023-12-31,51114000000.0,-504000000,CI
2023-09-30,49048000000.0,1408000000,CI
2023-06-30,48586000000.0,1460000000,CI
2023-03-31,46517000000.0,1267000000,CI
2022-12-31,45751000000.0,1169000000,CI
2022-09-30,45281000000.0,2757000000,CI
2022-06-30,45478000000.0,1559000000,CI
2022-03-31,44006000000.0,1183000000,CI
2021-12-31,45688000000.0,-336000000,CI
2021-09-30,44288000000.0,1621000000,CI
2021-06-30,43131000000.0,1467000000,CI
2021-03-31,40971000000.0,1161000000,CI
2020-12-31,41712000000.0,4135000000,CI
2020-09-30,40955000000.0,1388000000,CI
2020-06-30,39265000000.0,1754000000,CI
2020-04-30,,-199000000,CI
2020-03-31,38469000000.0,1181000000,CI
2019-12-31,38245000000.0,1261000000,CI
2024-06-30,243236000000.0,24390000000,BABA
2024-03-31,243236000000.0,24390000000,BABA
2023-12-31,221874000000.0,3365000000,BABA
2023-09-30,260348000000.0,14555000000,BABA
2023-06-30,234156000000.0,34242000000,BABA
2023-03-31,208200000000.0,23644000000,BABA
2022-12-31,247756000000.0,46913000000,BABA
2022-09-30,207176000000.0,-20433000000,BABA
2022-06-30,204052000000.0,-16116000000,BABA
2022-03-31,204052000000.0,-16116000000,BABA
2021-12-31,242580000000.0,20546000000,BABA
2021-09-30,200690000000.0,5488000000,BABA
2021-06-30,205740000000.0,45141000000,BABA
2021-03-31,187395000000.0,-5479000000,BABA
2020-12-31,221084000000.0,79535000000,BABA
2020-09-30,155059000000.0,28876000000,BABA
2020-06-30,114314000000.0,3220000000,BABA
2020-03-31,114314000000.0,3220000000,BABA
2019-12-31,161456000000.0,52174000000,BABA
2024-09-30,17487000000.0,1270000000,HCA
2024-06-30,17492000000.0,1461000000,HCA
2024-03-31,17339000000.0,1591000000,HCA
2023-12-31,17303000000.0,1607000000,HCA
2023-09-30,16213000000.0,1079000000,HCA
2023-06-30,15861000000.0,1193000000,HCA
2023-03-31,15591000000.0,1363000000,HCA
2022-12-31,15497000000.0,2081000000,HCA
2022-09-30,14971000000.0,1134000000,HCA
2022-06-30,14820000000.0,1155000000,HCA
2022-03-31,14945000000.0,1273000000,HCA
2021-12-31,15064000000.0,1814000000,HCA
2021-09-30,15276000000.0,2269000000,HCA
2021-06-30,14435000000.0,1450000000,HCA
2021-03-31,13977000000.0,1423000000,HCA
2020-12-31,15795000000.0,1426000000,HCA
2020-09-30,12940000000.0,668000000,HCA
2020-06-30,10653000000.0,1079000000,HCA
2020-03-31,12145000000.0,581000000,HCA
2019-12-31,15103000000.0,1071000000,HCA
2024-06-30,3011649000000.0,231638000000,SONY
2024-03-31,3011649000000.0,231638000000,SONY
2023-12-31,3480966000000.0,189005000000,SONY
2023-09-30,3747527000000.0,363918000000,SONY
2023-06-30,2828623000000.0,200105000000,SONY
2023-03-31,3063550000000.0,128158000000,SONY
2022-12-31,3412914000000.0,321521000000,SONY
2022-09-30,2751879000000.0,263963000000,SONY
2022-06-30,2311494000000.0,218196000000,SONY
2022-03-31,2263986000000.0,111082000000,SONY
2021-12-31,3031319000000.0,346161000000,SONY
2021-09-30,2369365000000.0,213106000000,SONY
2021-06-30,2256843000000.0,211829000000,SONY
2021-03-31,2220419000000.0,107000000000,SONY
2020-12-31,2696536000000.0,371891000000,SONY
2020-09-30,2113486000000.0,459634000000,SONY
2020-06-30,1968919000000.0,233251000000,SONY
2020-03-31,1748740000000.0,12644000000,SONY
2019-12-31,2463162000000.0,229538000000,SONY
2024-09-30,9204000000.0,853000000,MDLZ
2024-03-31,9290000000.0,1412000000,MDLZ
2023-12-31,9314000000.0,950000000,MDLZ
2023-09-30,9029000000.0,984000000,MDLZ
2023-06-30,8507000000.0,944000000,MDLZ
2023-03-31,9166000000.0,2081000000,MDLZ
2022-12-31,8695000000.0,583000000,MDLZ
2022-09-30,7763000000.0,532000000,MDLZ
2022-06-30,7274000000.0,747000000,MDLZ
2022-03-31,7764000000.0,855000000,MDLZ
2021-12-31,7658000000.0,1003000000,MDLZ
2021-09-30,7182000000.0,1258000000,MDLZ
2021-06-30,6642000000.0,1078000000,MDLZ
2021-03-31,7238000000.0,961000000,MDLZ
2020-12-31,7298000000.0,1156000000,MDLZ
2020-09-30,6665000000.0,1119000000,MDLZ
2020-06-30,5911000000.0,544000000,MDLZ
2020-03-31,6707000000.0,736000000,MDLZ
2019-12-31,6913000000.0,733000000,MDLZ
2024-09-30,88349000000.0,26301000000,GOOG
2024-06-30,84735000000.0,23619000000,GOOG
2024-03-31,80374000000.0,23662000000,GOOG
2023-12-31,85069000000.0,20687000000,GOOG
2023-09-30,76307000000.0,19689000000,GOOG
2023-06-30,74383000000.0,18368000000,GOOG
2023-03-31,69686000000.0,15051000000,GOOG
2022-12-31,74291000000.0,13624000000,GOOG
2022-09-30,69420000000.0,13910000000,GOOG
2022-06-30,69743000000.0,16002000000,GOOG
2022-03-31,68059000000.0,16436000000,GOOG
2021-12-31,75140000000.0,20642000000,GOOG
2021-09-30,64928000000.0,18936000000,GOOG
2021-06-30,61880000000.0,18525000000,GOOG
2021-03-31,55314000000.0,17930000000,GOOG
2020-12-31,56118000000.0,15227000000,GOOG
2020-09-30,46130000000.0,11247000000,GOOG
2020-06-30,38297000000.0,6959000000,GOOG
2020-03-31,41159000000.0,6836000000,GOOG
2019-12-31,45569000000.0,10671000000,GOOG
2024-09-30,16657000000.0,3157000000,MRK
2024-06-30,16112000000.0,5455000000,MRK
2024-03-31,15775000000.0,4762000000,MRK
2023-12-31,14630000000.0,-1226000000,MRK
2023-09-30,15962000000.0,4745000000,MRK
2023-06-30,15035000000.0,-5975000000,MRK
2023-03-31,14487000000.0,2821000000,MRK
2022-12-31,13830000000.0,3017000000,MRK
2022-09-30,14959000000.0,3248000000,MRK
2022-06-30,14593000000.0,3944000000,MRK
2022-03-31,15901000000.0,4310000000,MRK
2021-12-31,13521000000.0,3758000000,MRK
2021-09-30,13154000000.0,4567000000,MRK
2021-06-30,11402000000.0,1545000000,MRK
2021-03-31,10627000000.0,3179000000,MRK
2020-12-31,10948000000.0,-2094000000,MRK
2020-09-30,10929000000.0,2941000000,MRK
2020-06-30,9353000000.0,3002000000,MRK
2020-03-31,12057000000.0,3219000000,MRK
2019-12-31,4149000000.0,2356000000,MRK
2024-09-30,15046000000.0,2071000000,BUD
2024-06-30,29880000000.0,2564000000,BUD
2024-03-31,14547000000.0,1091000000,BUD
2023-12-31,14547000000.0,1091000000,BUD
2023-09-30,15574000000.0,1472000000,BUD
2023-06-30,15120000000.0,339000000,BUD
2023-03-31,14213000000.0,1639000000,BUD
2022-12-31,14668000000.0,2844000000,BUD
2022-09-30,15091000000.0,1433000000,BUD
2022-06-30,14792000000.0,2175000000,BUD
2022-03-31,13235000000.0,299000000,BUD
2021-12-31,14198000000.0,1963000000,BUD
2021-09-30,14274000000.0,249000000,BUD
2021-06-30,13539000000.0,1863000000,BUD
2021-03-31,12293000000.0,595000000,BUD
2020-12-31,12767000000.0,2265000000,BUD
2020-09-30,12816000000.0,1040000000,BUD
2020-06-30,10294000000.0,350000000,BUD
2020-03-31,11003000000.0,-2250000000,BUD
2019-12-31,13334000000.0,113000000,BUD
2024-09-30,10598000000.0,1629000000,TMO
2024-06-30,10541000000.0,1547000000,TMO
2024-03-31,9982000000.0,1327000000,TMO
2023-12-31,10429000000.0,1630000000,TMO
2023-09-30,10215000000.0,1715000000,TMO
2023-06-30,10361000000.0,1361000000,TMO
2023-03-31,10410000000.0,1289000000,TMO
2023-03-31,10410000000.0,1289000000,TMO
2022-12-31,11243000000.0,1576000000,TMO
2022-09-30,10504000000.0,-26000000,TMO
2022-06-30,10822000000.0,1664000000,TMO
2022-03-31,11656000000.0,-26000000,TMO
2021-12-31,9996000000.0,1658000000,TMO
2021-09-30,9202000000.0,1902000000,TMO
2021-06-30,9151000000.0,1828000000,TMO
2021-03-31,9584000000.0,-197000000,TMO
2020-12-31,10428000000.0,2498000000,TMO
2020-09-30,8377000000.0,1933000000,TMO
2020-06-30,6780000000.0,1156000000,TMO
2020-03-31,6104000000.0,788000000,TMO
2019-12-31,6829000000.0,3035000000,TMO
2024-09-30,5494000000.0,834000000,SYK
2024-06-30,5422000000.0,825000000,SYK
2024-03-31,5243000000.0,788000000,SYK
2023-12-31,5815000000.0,1143000000,SYK
2023-09-30,4909000000.0,692000000,SYK
2023-06-30,4996000000.0,738000000,SYK
2023-03-31,4778000000.0,592000000,SYK
2022-12-31,5202000000.0,563000000,SYK
2022-09-30,4479000000.0,816000000,SYK
2022-06-30,4493000000.0,656000000,SYK
2022-03-31,4275000000.0,323000000,SYK
2021-12-31,4701000000.0,662000000,SYK
2021-09-30,4160000000.0,438000000,SYK
2021-06-30,4294000000.0,592000000,SYK
2021-03-31,3953000000.0,302000000,SYK
2020-12-31,4262000000.0,568000000,SYK
2020-09-30,3737000000.0,621000000,SYK
2020-06-30,2764000000.0,-83000000,SYK
2020-03-31,3588000000.0,493000000,SYK
2019-12-31,4131000000.0,725000000,SYK
2024-09-30,2036389000.0,1005719000,PLD
2024-06-30,2007954000.0,861348000,PLD
2024-03-31,1956621000.0,585715000,PLD
2023-12-31,1889247000.0,630936000,PLD
2023-09-30,1914664000.0,747627000,PLD
2023-06-30,2450971000.0,1216028000,PLD
2023-03-31,1768587000.0,464623000,PLD
2022-12-31,1751592000.0,587214000,PLD
2022-09-30,1750892000.0,1015464000,PLD
2022-06-30,1252080000.0,611393000,PLD
2022-03-31,1219128000.0,1150785000,PLD
2021-12-31,1277233000.0,1248662000,PLD
2021-09-30,1183049000.0,723538000,PLD
2021-06-30,1150842000.0,600176000,PLD
2021-03-31,1148316000.0,367347000,PLD
2020-12-31,1111597000.0,281894000,PLD
2020-09-30,1082773000.0,302694000,PLD
2020-06-30,1266124000.0,406173000,PLD
2020-03-31,978241000.0,491053000,PLD
2019-12-31,826016000.0,386991000,PLD
2024-09-30,2522300000.0,-792300000,AMT
2024-03-31,2834100000.0,917400000,AMT
2023-12-31,2786700000.0,84900000,AMT
2023-09-30,2521100000.0,586900000,AMT
2023-06-30,2771700000.0,475700000,AMT
2023-03-31,2767200000.0,335800000,AMT
2022-12-31,2705000000.0,-683800000,AMT
2022-09-30,2671500000.0,839700000,AMT
2022-06-30,2674300000.0,898200000,AMT
2022-03-31,2660300000.0,711700000,AMT
2021-12-31,2445200000.0,453400000,AMT
2021-09-30,2454300000.0,723000000,AMT
2021-06-30,2298900000.0,746300000,AMT
2021-03-31,2158500000.0,645000000,AMT
2020-12-31,2122500000.0,365100000,AMT
2020-09-30,2012900000.0,464400000,AMT
2020-06-30,1913000000.0,446100000,AMT
2020-03-31,1993100000.0,415000000,AMT
2019-12-31,1923700000.0,562700000,AMT
2024-06-30,12938000000.0,1927000000,AZN
2024-03-31,12938000000.0,1927000000,AZN
2023-12-31,12679000000.0,2179000000,AZN
2023-09-30,11492000000.0,1374000000,AZN
2023-06-30,11416000000.0,1818000000,AZN
2023-03-31,10879000000.0,1803000000,AZN
2022-12-31,11207000000.0,901000000,AZN
2022-09-30,10982000000.0,1640000000,AZN
2022-06-30,10771000000.0,360000000,AZN
2022-03-31,11390000000.0,386000000,AZN
2021-12-31,12011000000.0,-347000000,AZN
2021-09-30,9866000000.0,-1652000000,AZN
2021-06-30,8220000000.0,550000000,AZN
2021-03-31,7320000000.0,1561000000,AZN
2020-12-31,7410000000.0,1012000000,AZN
2020-09-30,6578000000.0,648000000,AZN
2020-06-30,6275000000.0,756000000,AZN
2020-03-31,6354000000.0,780000000,AZN
2019-12-31,6664000000.0,313000000,AZN
2024-06-30,3826255314.0,274000000,SPOT
2024-03-31,3636000000.0,197000000,SPOT
2023-12-31,3636000000.0,197000000,SPOT
2023-09-30,3357000000.0,65000000,SPOT
2023-06-30,3466826713.0,-329550414,SPOT
2023-03-31,3042000000.0,-225000000,SPOT
2022-12-31,3166000000.0,-270000000,SPOT
2022-09-30,3036000000.0,-166000000,SPOT
2022-06-30,2864000000.0,-125000000,SPOT
2022-03-31,2661000000.0,131000000,SPOT
2021-12-31,2689000000.0,-39000000,SPOT
2021-09-30,2501000000.0,2000000,SPOT
2021-06-30,2331000000.0,-20000000,SPOT
2021-03-31,2147000000.0,23000000,SPOT
2020-12-31,2168000000.0,-125000000,SPOT
2020-09-30,1975000000.0,-101000000,SPOT
2020-06-30,1975000000.0,-101000000,SPOT
2020-03-31,1889000000.0,-356000000,SPOT
2019-12-31,1848000000.0,1000000,SPOT
2024-09-30,6313000000.0,1009000000,ETN
2024-06-30,6292000000.0,993000000,ETN
2024-03-31,5933000000.0,821000000,ETN
2023-12-31,5971000000.0,945000000,ETN
2023-09-30,5861000000.0,891000000,ETN
2023-06-30,5830000000.0,744000000,ETN
2023-03-31,5444000000.0,638000000,ETN
2022-12-31,5370000000.0,721000000,ETN
2022-09-30,5224000000.0,607000000,ETN
2022-06-30,5140000000.0,601000000,ETN
2022-03-31,4828000000.0,532000000,ETN
2021-12-31,4778000000.0,551000000,ETN
2021-09-30,5472000000.0,629000000,ETN
2021-06-30,5271000000.0,506000000,ETN
2021-03-31,4593000000.0,458000000,ETN
2020-12-31,4782000000.0,475000000,ETN
2020-09-30,4534000000.0,446000000,ETN
2020-06-30,3865000000.0,51000000,ETN
2020-03-31,4827000000.0,438000000,ETN
2019-12-31,5249000000.0,452000000,ETN
2024-09-30,6873000000.0,2255000000,MCD
2024-06-30,6490000000.0,2022000000,MCD
2024-03-31,6169000000.0,1929000000,MCD
2023-12-31,6406200000.0,2039000000,MCD
2023-09-30,6692000000.0,2317000000,MCD
2023-06-30,6498000000.0,2310000000,MCD
2023-03-31,5898000000.0,1802000000,MCD
2022-12-31,5926500000.0,1903400000,MCD
2022-09-30,5872100000.0,1981600000,MCD
2022-06-30,5718400000.0,1188000000,MCD
2022-03-31,5665600000.0,1104400000,MCD
2021-12-31,6009100000.0,1638800000,MCD
2021-09-30,6201300000.0,2149900000,MCD
2021-06-30,5887900000.0,2219300000,MCD
2021-03-31,5124600000.0,1537200000,MCD
2020-12-31,5313800000.0,1377200000,MCD
2020-09-30,5418100000.0,1762600000,MCD
2020-06-30,3761500000.0,483800000,MCD
2020-03-31,4714400000.0,1106900000,MCD
2019-12-31,5349000000.0,1572200000,MCD
2024-09-30,3720700000.0,1340600000,REGN
2024-06-30,3547100000.0,1432300000,REGN
2024-03-31,3128900000.0,722000000,REGN
2023-12-31,3416000000.0,1159600000,REGN
2023-09-30,3344900000.0,1007800000,REGN
2023-06-30,3139200000.0,968400000,REGN
2023-03-31,3144100000.0,817800000,REGN
2022-12-31,3397000000.0,1197100000,REGN
2022-09-30,2920900000.0,1315700000,REGN
2022-06-30,2844100000.0,852100000,REGN
2022-03-31,2951500000.0,973500000,REGN
2021-12-31,4937600000.0,2229000000,REGN
2021-09-30,3438600000.0,1632200000,REGN
2021-06-30,5124100000.0,3098900000,REGN
2021-03-31,2514100000.0,1115200000,REGN
2020-12-31,2422900000.0,1149200000,REGN
2020-09-30,2267700000.0,842100000,REGN
2020-06-30,1942300000.0,897300000,REGN
2020-03-31,1822100000.0,624600000,REGN
2019-12-31,2169500000.0,792000000,REGN
2024-09-30,31524000000.0,2990000000,GS
2024-06-30,30929000000.0,3043000000,GS
2024-03-31,32160000000.0,4132000000,GS
2023-12-31,28463000000.0,2008000000,GS
2023-09-30,28527000000.0,2058000000,GS
2023-06-30,26047000000.0,1216000000,GS
2023-03-31,25381000000.0,3234000000,GS
2022-12-31,20930000000.0,1326000000,GS
2022-09-30,18482000000.0,3069000000,GS
2022-06-30,14981000000.0,2927000000,GS
2022-03-31,14318000000.0,3939000000,GS
2021-12-31,13854000000.0,3935000000,GS
2021-09-30,15161000000.0,5378000000,GS
2021-06-30,16698000000.0,5486000000,GS
2021-03-31,19276000000.0,6836000000,GS
2020-12-31,13304000000.0,4506000000,GS
2020-09-30,12629000000.0,3367000000,GS
2020-06-30,15385000000.0,373000000,GS
2020-03-31,12180000000.0,1213000000,GS
2019-12-31,13812000000.0,1917000000,GS
2024-09-30,6700000000.0,1852000000,NEE
2024-06-30,6000000000.0,1622000000,NEE
2024-03-31,5426000000.0,2268000000,NEE
2023-12-31,5579000000.0,1210000000,NEE
2023-09-30,7200000000.0,1219000000,NEE
2023-06-30,6300000000.0,2795000000,NEE
2023-03-31,5702000000.0,2086000000,NEE
2022-12-31,5716000000.0,1522000000,NEE
2022-09-30,6400000000.0,1696000000,NEE
2022-06-30,5900000000.0,1380000000,NEE
2022-03-31,5020000000.0,-451000000,NEE
2021-12-31,4872000000.0,1204000000,NEE
2021-09-30,5400000000.0,447000000,NEE
2021-06-30,4700000000.0,256000000,NEE
2021-03-31,4051000000.0,1666000000,NEE
2020-12-31,4081000000.0,-5000000,NEE
2020-09-30,4900000000.0,1229000000,NEE
2020-06-30,4100000000.0,1275000000,NEE
2020-03-31,3939000000.0,421000000,NEE
2019-12-31,4414000000.0,975000000,NEE
