fiscalDateEnding,totalRevenue,netIncome,ticker
2024-06-30,5488000000.0,433000000.0,CNH
2024-03-31,4818000000.0,401000000.0,CNH
2023-12-31,6792000000.0,616000000.0,CNH
2023-09-30,5986000000.0,567000000.0,CNH
2023-06-30,6567000000.0,706000000.0,CNH
2023-03-31,5342000000.0,482000000.0,CNH
2022-12-31,6943000000.0,592000000.0,CNH
2022-09-30,5881000000.0,556000000.0,CNH
2022-06-30,6082000000.0,548000000.0,CNH
2022-03-31,4645000000.0,333000000.0,CNH
2021-12-31,19412000000.0,302000000.0,CNH
2021-09-30,4746000000.0,323000000.0,CNH
2021-06-30,5174000000.0,690000000.0,CNH
2021-03-31,4096000000.0,408000000.0,CNH
2020-12-31,8649000000.0,164000000.0,CNH
2020-09-30,6492000000.0,-942000000.0,CNH
2020-06-30,5578000000.0,350000000.0,CNH
2020-03-31,5461000000.0,-65000000.0,CNH
2019-12-31,7695000000.0,114000000.0,CNH
2019-09-30,6360000000.0,637000000.0,CNH
2024-06-30,6961000000.0,3254000000.0,MA
2024-03-31,6348000000.0,3008000000.0,MA
2023-12-31,6548000000.0,2788000000.0,MA
2023-09-30,6533000000.0,3194000000.0,MA
2023-06-30,6269000000.0,2842000000.0,MA
2023-03-31,5748000000.0,2359000000.0,MA
2022-12-31,5817000000.0,2521000000.0,MA
2022-09-30,5756000000.0,2496000000.0,MA
2022-06-30,5497000000.0,2272000000.0,MA
2022-03-31,5167000000.0,2628000000.0,MA
2021-12-31,5216000000.0,2380000000.0,MA
2021-09-30,4985000000.0,2403000000.0,MA
2021-06-30,4528000000.0,2066000000.0,MA
2021-03-31,4155000000.0,1829000000.0,MA
2020-12-31,4120000000.0,1822000000.0,MA
2020-09-30,3837000000.0,1545000000.0,MA
2020-06-30,3335000000.0,1423000000.0,MA
2020-03-31,4009000000.0,1694000000.0,MA
2019-12-31,4414000000.0,2100000000.0,MA
2019-09-30,4467000000.0,2107000000.0,MA
2024-06-30,4574000000.0,85000000.0,GT
2024-03-31,4410000000.0,-57000000.0,GT
2023-12-31,4948000000.0,-291000000.0,GT
2023-09-30,5007000000.0,-89000000.0,GT
2023-06-30,4700000000.0,-208000000.0,GT
2023-03-31,4802000000.0,-101000000.0,GT
2022-12-31,5262000000.0,-104000000.0,GT
2022-09-30,5186000000.0,44000000.0,GT
2022-06-30,5103000000.0,166000000.0,GT
2022-03-31,4802000000.0,96000000.0,GT
2021-12-31,4938000000.0,553000000.0,GT
2021-09-30,4832000000.0,132000000.0,GT
2021-06-30,3882000000.0,67000000.0,GT
2021-03-31,3421000000.0,12000000.0,GT
2020-12-31,3563000000.0,63000000.0,GT
2020-09-30,3378000000.0,-2000000.0,GT
2020-06-30,2044000000.0,-696000000.0,GT
2020-03-31,2970000000.0,-619000000.0,GT
2019-12-31,3645000000.0,-392000000.0,GT
2019-09-30,3714000000.0,88000000.0,GT
2024-07-28,30040000000.0,16599000000.0,NVDA
2024-04-28,26044000000.0,14881000000.0,NVDA
2024-01-28,22103000000.0,12285000000.0,NVDA
2023-10-29,18120000000.0,9243000000.0,NVDA
2023-07-30,13507000000.0,6188000000.0,NVDA
2023-04-30,7192000000.0,2043000000.0,NVDA
2023-01-29,6051000000.0,1414000000.0,NVDA
2022-10-30,5931000000.0,680000000.0,NVDA
2022-07-31,6704000000.0,656000000.0,NVDA
2022-05-01,8288000000.0,1618000000.0,NVDA
2022-01-30,7643000000.0,3003000000.0,NVDA
2021-10-31,7103000000.0,2464000000.0,NVDA
2021-08-01,6507000000.0,2374000000.0,NVDA
2021-05-02,5661000000.0,1912000000.0,NVDA
2021-01-31,5003000000.0,1457000000.0,NVDA
2020-10-25,4726000000.0,1336000000.0,NVDA
2020-07-26,3866000000.0,622000000.0,NVDA
2020-04-26,3080000000.0,917000000.0,NVDA
2020-01-26,3105000000.0,950000000.0,NVDA
2019-10-27,3014000000.0,899000000.0,NVDA
2024-06-30,6624000000.0,616000000.0,FCX
2024-03-31,6321000000.0,473000000.0,FCX
2023-12-31,5905000000.0,388000000.0,FCX
2023-09-30,5824000000.0,454000000.0,FCX
2023-06-30,5737000000.0,343000000.0,FCX
2023-03-31,5389000000.0,663000000.0,FCX
2022-12-31,5758000000.0,697000000.0,FCX
2022-09-30,5003000000.0,404000000.0,FCX
2022-06-30,5416000000.0,840000000.0,FCX
2022-03-31,6603000000.0,2281000000.0,FCX
2021-12-31,6164000000.0,3224000000.0,FCX
2021-09-30,6083000000.0,1399000000.0,FCX
2021-06-30,5748000000.0,1083000000.0,FCX
2021-03-31,4850000000.0,718000000.0,FCX
2020-12-31,4495000000.0,708000000.0,FCX
2020-09-30,3851000000.0,329000000.0,FCX
2020-06-30,3054000000.0,53000000.0,FCX
2020-03-31,2798000000.0,-491000000.0,FCX
2019-12-31,3911000000.0,9000000.0,FCX
2019-09-30,3153000000.0,-207000000.0,FCX
2024-06-30,5833000000.0,709000000.0,HAL
2024-03-31,5804000000.0,606000000.0,HAL
2023-12-31,5741000000.0,661000000.0,HAL
2023-09-30,5804000000.0,716000000.0,HAL
2023-06-30,5798000000.0,610000000.0,HAL
2023-03-31,5677000000.0,651000000.0,HAL
2022-12-31,5585000000.0,656000000.0,HAL
2022-09-30,5357000000.0,544000000.0,HAL
2022-06-30,5074000000.0,109000000.0,HAL
2022-03-31,4242000000.0,263000000.0,HAL
2021-12-31,4281000000.0,824000000.0,HAL
2021-09-30,3860000000.0,236000000.0,HAL
2021-06-30,3707000000.0,227000000.0,HAL
2021-03-31,3451000000.0,170000000.0,HAL
2020-12-31,3241000000.0,-235000000.0,HAL
2020-09-30,2975000000.0,-17000000.0,HAL
2020-06-30,3196000000.0,-1676000000.0,HAL
2020-03-31,4869000000.0,-1017000000.0,HAL
2019-12-31,5192000000.0,-1653000000.0,HAL
2019-09-30,5551000000.0,295000000.0,HAL
2024-06-30,6817000000.0,1162000000.0,OXY
2024-03-31,5975000000.0,888000000.0,OXY
2023-12-31,7172000000.0,1198000000.0,OXY
2023-09-30,7158000000.0,1375000000.0,OXY
2023-06-30,6702000000.0,860000000.0,OXY
2023-03-31,7225000000.0,1263000000.0,OXY
2022-12-31,8219000000.0,1927000000.0,OXY
2022-09-30,9390000000.0,2746000000.0,OXY
2022-06-30,10676000000.0,3755000000.0,OXY
2022-03-31,8349000000.0,4876000000.0,OXY
2021-12-31,7913000000.0,1537000000.0,OXY
2021-09-30,6792000000.0,828000000.0,OXY
2021-06-30,5958000000.0,103000000.0,OXY
2021-03-31,5293000000.0,-146000000.0,OXY
2020-12-31,4160000000.0,-1112000000.0,OXY
2020-09-30,4108000000.0,-3575000000.0,OXY
2020-06-30,2928000000.0,-8353000000.0,OXY
2020-03-31,6613000000.0,-2232000000.0,OXY
2019-12-31,6628000000.0,-1339000000.0,OXY
2019-09-30,5859000000.0,-912000000.0,OXY
2024-03-31,11361000000.0,1162000000.0,NGG
2023-09-30,8489000000.0,1128000000.0,NGG
2023-06-30,,,NGG
2023-03-31,12215000000.0,6541000000.0,NGG
2022-12-31,6107500000.0,794500000.0,NGG
2022-09-30,9444000000.0,1256000000.0,NGG
2022-06-30,4722000000.0,562500000.0,NGG
2022-03-31,11508000000.0,1879000000.0,NGG
2021-12-31,5754000000.0,903500000.0,NGG
2021-09-30,6941000000.0,474000000.0,NGG
2021-06-30,3470500000.0,187500000.0,NGG
2021-03-31,8244000000.0,1039000000.0,NGG
2020-12-31,3800500000.0,406000000.0,NGG
2020-09-30,6535000000.0,601000000.0,NGG
2020-06-30,4125500000.0,,NGG
2020-03-31,8251000000.0,863000000.0,NGG
2019-12-31,4125500000.0,443000000.0,NGG
2019-09-30,6289000000.0,392000000.0,NGG
2024-05-31,7113397000.0,152440000.0,KMX
2024-02-29,5626603000.0,50268000.0,KMX
2023-11-30,6148538000.0,82003000.0,KMX
2023-08-31,7073836000.0,118635000.0,KMX
2023-05-31,7687063000.0,228298000.0,KMX
2023-02-28,5722493000.0,69012000.0,KMX
2022-11-30,6505956000.0,37580000.0,KMX
2022-08-31,8144803000.0,125905000.0,KMX
2022-05-31,9311621000.0,252265000.0,KMX
2022-02-28,7686695000.0,159836000.0,KMX
2021-11-30,8527759000.0,269438000.0,KMX
2021-08-31,7988359000.0,285267000.0,KMX
2021-05-31,7697599000.0,436756000.0,KMX
2021-02-28,5164257000.0,209945000.0,KMX
2020-11-30,5184944000.0,235300000.0,KMX
2020-08-31,5372166000.0,296696000.0,KMX
2020-05-31,3228782000.0,4978000.0,KMX
2020-02-29,4962490000.0,214934000.0,KMX
2019-11-30,4790028000.0,173156000.0,KMX
2024-06-30,6000000000.0,1622000000.0,NEE
2024-03-31,5426000000.0,2268000000.0,NEE
2023-12-31,5579000000.0,1210000000.0,NEE
2023-09-30,7200000000.0,1219000000.0,NEE
2023-06-30,6300000000.0,2795000000.0,NEE
2023-03-31,5702000000.0,2086000000.0,NEE
2022-12-31,5716000000.0,1522000000.0,NEE
2022-09-30,6400000000.0,1696000000.0,NEE
2022-06-30,5900000000.0,1380000000.0,NEE
2022-03-31,5020000000.0,-451000000.0,NEE
2021-12-31,4872000000.0,1204000000.0,NEE
2021-09-30,5400000000.0,447000000.0,NEE
2021-06-30,4700000000.0,256000000.0,NEE
2021-03-31,4051000000.0,1666000000.0,NEE
2020-12-31,4081000000.0,-5000000.0,NEE
2020-09-30,4900000000.0,1229000000.0,NEE
2020-06-30,4100000000.0,1275000000.0,NEE
2020-03-31,3939000000.0,421000000.0,NEE
2019-12-31,4414000000.0,975000000.0,NEE
2019-09-30,4900000000.0,879000000.0,NEE
2024-06-30,9709000000.0,198000000.0,USFD
2024-03-31,8870000000.0,82000000.0,USFD
2023-12-31,8857000000.0,147000000.0,USFD
2023-09-30,9004000000.0,95000000.0,USFD
2023-06-30,8931000000.0,182000000.0,USFD
2023-03-31,8462000000.0,82000000.0,USFD
2022-12-31,8443000000.0,93000000.0,USFD
2022-09-30,8852000000.0,109000000.0,USFD
2022-06-30,8767000000.0,70000000.0,USFD
2022-03-31,7744000000.0,-7000000.0,USFD
2021-12-31,7585000000.0,69000000.0,USFD
2021-09-30,7840000000.0,64000000.0,USFD
2021-06-30,7609000000.0,55000000.0,USFD
2021-03-31,6218000000.0,-24000000.0,USFD
2020-12-31,6080000000.0,-10000000.0,USFD
2020-09-30,5785000000.0,8000000.0,USFD
2020-06-30,4497000000.0,-92000000.0,USFD
2020-03-31,6286000000.0,-132000000.0,USFD
2019-12-31,6877000000.0,92000000.0,USFD
2019-09-30,6488000000.0,106000000.0,USFD
2024-07-28,6793000000.0,1705000000.0,AMAT
2024-04-28,6609000000.0,1722000000.0,AMAT
2024-01-28,6680000000.0,2019000000.0,AMAT
2023-10-29,6661000000.0,2004000000.0,AMAT
2023-07-30,6389000000.0,1560000000.0,AMAT
2023-04-30,6581000000.0,1575000000.0,AMAT
2023-01-29,6643000000.0,1717000000.0,AMAT
2022-10-30,6706000000.0,1591000000.0,AMAT
2022-07-31,6484000000.0,1606000000.0,AMAT
2022-05-01,6194000000.0,1536000000.0,AMAT
2022-01-30,6206000000.0,1792000000.0,AMAT
2021-10-31,6021000000.0,1712000000.0,AMAT
2021-08-01,6148000000.0,1716000000.0,AMAT
2021-05-02,5549000000.0,1330000000.0,AMAT
2021-01-31,5162000000.0,1130000000.0,AMAT
2020-10-25,4688000000.0,1131000000.0,AMAT
2020-07-26,4395000000.0,841000000.0,AMAT
2020-04-26,3957000000.0,755000000.0,AMAT
2020-01-26,4162000000.0,892000000.0,AMAT
2019-10-27,3754000000.0,698000000.0,AMAT
2024-06-30,5051000000.0,938000000.0,APTV
2024-03-31,4901000000.0,218000000.0,APTV
2023-12-31,4919000000.0,905000000.0,APTV
2023-09-30,5114000000.0,1629000000.0,APTV
2023-06-30,5200000000.0,242000000.0,APTV
2023-03-31,4818000000.0,162000000.0,APTV
2022-12-31,4640000000.0,249000000.0,APTV
2022-09-30,4614000000.0,301000000.0,APTV
2022-06-30,4057000000.0,-45000000.0,APTV
2022-03-31,4178000000.0,89000000.0,APTV
2021-12-31,4134000000.0,31000000.0,APTV
2021-09-30,3654000000.0,101000000.0,APTV
2021-06-30,3807000000.0,163000000.0,APTV
2021-03-31,4023000000.0,295000000.0,APTV
2020-12-31,4212000000.0,299000000.0,APTV
2020-09-30,3668000000.0,299000000.0,APTV
2020-06-30,1960000000.0,-366000000.0,APTV
2020-03-31,3226000000.0,1572000000.0,APTV
2019-12-31,3596000000.0,230000000.0,APTV
2019-09-30,3559000000.0,246000000.0,APTV
2024-03-31,8563000000.0,772400000.0,SBUX
2023-12-31,9425300000.0,1024400000.0,SBUX
2023-09-30,9373600000.0,1219300000.0,SBUX
2023-06-30,9168300000.0,1141700000.0,SBUX
2023-03-31,8719800000.0,908300000.0,SBUX
2022-12-31,8713900000.0,855200000.0,SBUX
2022-09-30,8414200000.0,878300000.0,SBUX
2022-06-30,8150100000.0,912900000.0,SBUX
2022-03-31,7635600000.0,674500000.0,SBUX
2021-12-31,8050400000.0,815900000.0,SBUX
2021-09-30,8146700000.0,1764400000.0,SBUX
2021-06-30,7496500000.0,1153400000.0,SBUX
2021-03-31,6668000000.0,659400000.0,SBUX
2020-12-31,6749400000.0,622200000.0,SBUX
2020-09-30,6203100000.0,392600000.0,SBUX
2020-06-30,4222100000.0,-678400000.0,SBUX
2020-03-31,5995700000.0,328400000.0,SBUX
2019-12-31,7097100000.0,885700000.0,SBUX
2019-09-30,6747000000.0,802900000.0,SBUX
2024-06-30,10725964000.0,2611802000.0,ZTO
2024-03-31,10725964000.0,2611802000.0,ZTO
2023-12-31,9960006000.0,1426046000.0,ZTO
2023-09-30,9075918000.0,2345158000.0,ZTO
2023-06-30,9740324000.0,2541204000.0,ZTO
2023-03-31,9740324000.0,2541204000.0,ZTO
2022-12-31,8983239000.0,1670336000.0,ZTO
2022-09-30,8944942000.0,1934994000.0,ZTO
2022-06-30,8656677000.0,1805181000.0,ZTO
2022-03-31,9217519000.0,1762330000.0,ZTO
2021-12-31,7904050000.0,906270000.0,ZTO
2021-09-30,7390723000.0,1166700000.0,ZTO
2021-06-30,7325060000.0,1292172000.0,ZTO
2021-03-31,8257144000.0,1288141000.0,ZTO
2020-12-31,8257144000.0,1288141000.0,ZTO
2020-09-30,6638836000.0,1201019000.0,ZTO
2020-06-30,6402421000.0,1448354000.0,ZTO
2020-03-31,6846516000.0,2326422000.0,ZTO
2019-12-31,6846516000.0,2326422000.0,ZTO
2019-09-30,5265760000.0,1307528000.0,ZTO
2024-06-23,9393000000.0,2129000000.0,QCOM
2024-03-31,9389000000.0,2326000000.0,QCOM
2023-12-31,9935000000.0,2767000000.0,QCOM
2023-09-30,8631000000.0,1490000000.0,QCOM
2023-06-30,8451000000.0,1803000000.0,QCOM
2023-03-31,9275000000.0,1704000000.0,QCOM
2022-12-31,9463000000.0,2235000000.0,QCOM
2022-09-30,11395000000.0,2873000000.0,QCOM
2022-06-30,10936000000.0,3730000000.0,QCOM
2022-03-31,11164000000.0,2934000000.0,QCOM
2021-12-31,10705000000.0,3399000000.0,QCOM
2021-09-30,9336000000.0,2798000000.0,QCOM
2021-06-30,8060000000.0,2027000000.0,QCOM
2021-03-31,7935000000.0,1762000000.0,QCOM
2020-12-31,8235000000.0,2455000000.0,QCOM
2020-09-30,8346000000.0,2960000000.0,QCOM
2020-06-30,4893000000.0,845000000.0,QCOM
2020-03-31,5216000000.0,468000000.0,QCOM
2019-12-31,5077000000.0,925000000.0,QCOM
2019-09-30,4814000000.0,506000000.0,QCOM
2024-05-31,8765592000.0,954311000.0,LEN
2024-02-29,7312930000.0,719334000.0,LEN
2023-11-30,10968183000.0,1361287000.0,LEN
2023-08-31,8729603000.0,1108996000.0,LEN
2023-05-31,8045151000.0,871694000.0,LEN
2023-02-28,6490429000.0,596534000.0,LEN
2022-11-30,45000.0,1322444000.0,LEN
2022-08-31,8934431000.0,1467344000.0,LEN
2022-05-31,8358696000.0,1320756000.0,LEN
2022-02-28,6203516000.0,503581000.0,LEN
2021-11-30,8433560000.0,1190491000.0,LEN
2021-08-31,6941403000.0,1406888000.0,LEN
2021-05-31,6430245000.0,831363000.0,LEN
2021-02-28,5325468000.0,1001369000.0,LEN
2020-11-30,6825890000.0,882760000.0,LEN
2020-08-31,5870254000.0,666418000.0,LEN
2020-05-31,5287373000.0,517406000.0,LEN
2020-02-29,4505337000.0,398452000.0,LEN
2019-11-30,6971531000.0,674304000.0,LEN
2024-06-30,10881740000.0,-528779000.0,SID
2024-03-31,9712992000.0,-589701000.0,SID
2023-12-31,12005121000.0,579067000.0,SID
2023-09-30,11125028000.0,90794000.0,SID
2023-06-30,10989111000.0,283298000.0,SID
2023-03-31,11129283000.0,196792000.0,SID
2022-12-31,11129283000.0,196792000.0,SID
2022-09-30,10897049000.0,237632000.0,SID
2022-06-30,10565922000.0,369331000.0,SID
2022-03-31,10360965000.0,1060996000.0,SID
2021-12-31,10360965000.0,1060996000.0,SID
2021-09-30,10246173000.0,1149537000.0,SID
2021-06-30,15391573000.0,4965771000.0,SID
2021-03-31,9794101000.0,3729182000.0,SID
2020-12-31,9794101000.0,3729182000.0,SID
2020-09-30,8714583000.0,1080786000.0,SID
2020-06-30,6220683000.0,345178000.0,SID
2020-03-31,6523816000.0,1133942000.0,SID
2019-12-31,6523816000.0,1133942000.0,SID
2019-09-30,6006393000.0,-992958000.0,SID
2024-06-30,21000000000.0,2794000000.0,BBVA
2024-03-31,8219000000.0,2200000000.0,BBVA
2023-12-31,7438000000.0,2058000000.0,BBVA
2023-09-30,9246000000.0,2083000000.0,BBVA
2023-06-30,7034000000.0,2032000000.0,BBVA
2023-03-31,5990000000.0,1846000000.0,BBVA
2022-12-31,4873000000.0,1563000000.0,BBVA
2022-09-30,5916000000.0,1841000000.0,BBVA
2022-06-30,6118000000.0,1350000000.0,BBVA
2022-03-31,4659000000.0,1651000000.0,BBVA
2021-12-31,4405000000.0,1341000000.0,BBVA
2021-09-30,4708000000.0,1400000000.0,BBVA
2021-06-30,4688000000.0,701000000.0,BBVA
2021-03-31,4214000000.0,1210000000.0,BBVA
2020-12-31,4128000000.0,1320000000.0,BBVA
2020-09-30,4237000000.0,1141000000.0,BBVA
2020-06-30,3448000000.0,635000000.0,BBVA
2020-03-31,3675000000.0,-1792000000.0,BBVA
2019-12-31,2887000000.0,-155000000.0,BBVA
2019-09-30,5030000000.0,1225000000.0,BBVA
2024-05-05,12487000000.0,2121000000.0,AVGO
2024-02-04,11961000000.0,1325000000.0,AVGO
2023-10-29,9295000000.0,3524000000.0,AVGO
2023-07-30,8876000000.0,3303000000.0,AVGO
2023-04-30,8733000000.0,3481000000.0,AVGO
2023-01-29,8915000000.0,3774000000.0,AVGO
2022-10-30,8930000000.0,3359000000.0,AVGO
2022-07-31,8464000000.0,3074000000.0,AVGO
2022-05-01,8103000000.0,2590000000.0,AVGO
2022-01-30,7706000000.0,2472000000.0,AVGO
2021-10-31,7407000000.0,1989000000.0,AVGO
2021-08-01,6778000000.0,1876000000.0,AVGO
2021-05-02,6610000000.0,1493000000.0,AVGO
2021-01-31,6655000000.0,1378000000.0,AVGO
2020-11-01,6467000000.0,1324000000.0,AVGO
2020-08-02,5821000000.0,688000000.0,AVGO
2020-05-03,5742000000.0,563000000.0,AVGO
2020-02-02,5858000000.0,385000000.0,AVGO
2019-11-03,5776000000.0,847000000.0,AVGO
2024-06-30,8900000000.0,4872000000.0,V
2024-03-31,8693000000.0,4663000000.0,V
2023-12-31,8447000000.0,4890000000.0,V
2023-09-30,8403000000.0,4681000000.0,V
2023-06-30,7941000000.0,4156000000.0,V
2023-03-31,7843000000.0,4257000000.0,V
2022-12-31,7799000000.0,4179000000.0,V
2022-09-30,7847000000.0,3940000000.0,V
2022-06-30,7164000000.0,3411000000.0,V
2022-03-31,7055000000.0,3647000000.0,V
2021-12-31,6925000000.0,3959000000.0,V
2021-09-30,6616000000.0,3584000000.0,V
2021-06-30,5999000000.0,2575000000.0,V
2021-03-31,5608000000.0,3026000000.0,V
2020-12-31,5551000000.0,3126000000.0,V
2020-09-30,5467000000.0,2137000000.0,V
2020-06-30,4695000000.0,2373000000.0,V
2020-03-31,5737000000.0,3084000000.0,V
2019-12-31,5947000000.0,3272000000.0,V
2019-09-30,6137000000.0,3025000000.0,V
2024-04-30,7308000000.0,443000000.0,FERG
2024-01-31,6673000000.0,322000000.0,FERG
2023-10-31,7708000000.0,519000000.0,FERG
2023-07-31,7838000000.0,584000000.0,FERG
2023-04-30,7140000000.0,336000000.0,FERG
2023-01-31,6825000000.0,374000000.0,FERG
2022-10-31,7931000000.0,595000000.0,FERG
2022-07-31,7971000000.0,580000000.0,FERG
2022-04-30,7284000000.0,546000000.0,FERG
2022-01-31,6508000000.0,436000000.0,FERG
2021-10-31,6803000000.0,560000000.0,FERG
2021-07-31,6567000000.0,710000000.0,FERG
2021-04-30,5916000000.0,369000000.0,FERG
2021-01-31,4937000000.0,123000000.0,FERG
2020-10-31,5372000000.0,335000000.0,FERG
2020-07-31,,,FERG
2020-04-30,,,FERG
2024-06-30,10558000000.0,924000000.0,LYB
2024-03-31,9925000000.0,473000000.0,LYB
2023-12-31,9929000000.0,-384000000.0,LYB
2023-09-30,10625000000.0,747000000.0,LYB
2023-06-30,10306000000.0,715000000.0,LYB
2023-03-31,10247000000.0,474000000.0,LYB
2022-12-31,10206000000.0,353000000.0,LYB
2022-09-30,12250000000.0,572000000.0,LYB
2022-06-30,14838000000.0,1644000000.0,LYB
2022-03-31,13157000000.0,1320000000.0,LYB
2021-12-31,12830000000.0,726000000.0,LYB
2021-09-30,12700000000.0,1762000000.0,LYB
2021-06-30,11561000000.0,2059000000.0,LYB
2021-03-31,9082000000.0,1070000000.0,LYB
2020-12-31,7937000000.0,855000000.0,LYB
2020-09-30,6776000000.0,114000000.0,LYB
2020-06-30,5546000000.0,314000000.0,LYB
2020-03-31,7494000000.0,144000000.0,LYB
2019-12-31,8179000000.0,612000000.0,LYB
2019-09-30,8722000000.0,965000000.0,LYB
2024-07-31,9326000000.0,1429000000.0,CRM
2024-04-30,9192000000.0,1533000000.0,CRM
2024-01-31,9251000000.0,1446000000.0,CRM
2023-10-31,8734000000.0,1224000000.0,CRM
2023-07-31,8639000000.0,1267000000.0,CRM
2023-04-30,8245000000.0,199000000.0,CRM
2023-01-31,8096000000.0,-98000000.0,CRM
2022-10-31,7786000000.0,210000000.0,CRM
2022-07-31,7839000000.0,68000000.0,CRM
2022-04-30,7492000000.0,28000000.0,CRM
2022-01-31,7272000000.0,-28000000.0,CRM
2021-10-31,7403000000.0,468000000.0,CRM
2021-07-31,7085000000.0,535000000.0,CRM
2021-04-30,6369000000.0,469000000.0,CRM
2021-01-31,6122000000.0,267000000.0,CRM
2020-10-31,5412000000.0,1081000000.0,CRM
2020-07-31,5294000000.0,2625000000.0,CRM
2020-04-30,5199000000.0,99000000.0,CRM
2020-01-31,4851000000.0,-248000000.0,CRM
2019-10-31,4625000000.0,-109000000.0,CRM
